
@misc{janson_infografik_2023,
	title = {Infografik: {ChatGPT}'s {Sprint} zu einer {Million} {Nutzer}:innen},
	shorttitle = {Infografik},
	url = {https://de.statista.com/infografik/29195/zeitraum-den-online-dienste-gebraucht-haben-um-eine-million-nutzer-zu-erreichen},
	abstract = {Die Grafik zeigt den Zeitraum, den Online Dienste gebraucht haben, um eine Million Nutzer:innen zu erreichen.},
	language = {de},
	urldate = {2023-02-25},
	journal = {Statista Infografiken},
	author = {Janson, Matthias},
	month = jan,
	year = {2023},
	file = {Snapshot:C\:\\Users\\Lukas Braun\\Zotero\\storage\\9TT8D7ZP\\zeitraum-den-online-dienste-gebraucht-haben-um-eine-million-nutzer-zu-erreichen.html:text/html},
}

@misc{idc_kunstliche_2022,
	title = {Künstliche {Intelligenz} - {Umsatz} weltweit bis 2024},
	url = {https://de.statista.com/statistik/daten/studie/1211850/umfrage/umsatz-im-bereich-kuenstliche-intelligenz-weltweit/},
	abstract = {Wie hoch war der weltweite Umsatz im Bereich Künstliche Intelligenz 2021? Für das Jahr 2024 wird ein Umsatz von über 550 Milliarden US-Dollar prognostiziert.},
	language = {de},
	urldate = {2023-02-25},
	journal = {Statista},
	author = {{IDC}},
	month = nov,
	year = {2022},
	file = {Snapshot:C\:\\Users\\Lukas Braun\\Zotero\\storage\\JL7D22S4\\umsatz-im-bereich-kuenstliche-intelligenz-weltweit.html:text/html},
}

@book{ertel_grundkurs_2016,
	address = {Wiesbaden},
	edition = {4., überarbeitete Auflage},
	series = {Computational {Intelligence}},
	title = {Grundkurs {Künstliche} {Intelligenz}: eine praxisorientierte {Einführung}},
	isbn = {978-3-658-13548-5},
	shorttitle = {Grundkurs {Künstliche} {Intelligenz}},
	language = {ger},
	publisher = {Springer Vieweg},
	author = {Ertel, Wolfgang},
	year = {2016},
	annote = {Literaturverzeichnis: Seite 367-377},
	file = {Table of Contents PDF:C\:\\Users\\Lukas Braun\\Zotero\\storage\\YJPWM5K2\\Ertel - 2016 - Grundkurs Künstliche Intelligenz eine praxisorien.pdf:application/pdf},
}

@book{rich_artificial_1983,
	address = {New York},
	series = {{McGraw}-{Hill} series in artificial intelligence},
	title = {Artificial intelligence},
	isbn = {978-0-07-052261-9},
	publisher = {McGraw-Hill},
	author = {Rich, Elaine},
	year = {1983},
	keywords = {Artificial intelligence},
	annote = {Includes indexes},
}
